@article{Metcalfe,
  title = "Metcalfe's Law after 40 Years of Ethernet",
  author = "Bob Metcalfe",
  journal = "IEEE Computer",
  month = "December",
  year = "2013",
}
@article{Wechat,
  title = "Tencent and Facebook Data Validate Metcalfe's Law",
  author = "Xingzhou Zhang and Jing-Jie Liu and Zhi-Wei Xu",
  journal = "Journal of Computer Science and Technology",
  month = "March",
  year = "2015"
}
@book{Socialmedia,
  title = "Fenomenologia dei Social Network",
  author = "Giovanni Boccia Artieri and Laura Gemini and Francesca Pasquali and Simone Carlo and Manolo Farci and Marcon Pedroni",
  year = "2017",
  publisher = "Guerini Scientifica",
  address = "Milano, Italy"
}
@article{Weinman,
  title = "Is Metcalfe's Law Way Too Optimistic?",
  author = "Joe Weinman",
  month = "August",
  year = "2007",
  journal = "Business Communications Review"
}